LDR  02340cgm  2200541Ka 4500
001  b10000161
003  OCoLC
005  20031112091118.0
007  vd bgaiz-
008  020614p20011954cau113            vleng d
020       $a 0792172116
040       $a TXB $c TXB
049       $a MAIN
090       $a PN1997 $b .S22 2001
130  0    $a Sabrina (Motion picture : 1954)
245  10   $a Sabrina $h [videorecording] / $c Paramount Pictures ; producer, Billy Wilder ; written for the screen, Billy Wilder, Samuel Taylor and Ernest Lehman ; director, Billy Wilder.
260       $a Hollywood, Calif. : $b Paramount, $c c2001.
300       $a 1 videodisc (113 min.) : $b sd., b&w ; $c 4 3/4 in.
440   0   $a Audrey Hepburn collection
500       $a UCM:  001 FIELD DOES NOT BEGIN UCM - REJECT (04/05).
546       $a Closed-captioned.
511  1    $a Humphrey Bogart, Audrey Hepburn, William Holden, Walter Hampden, John Williams, Martha Hyer, Joan Vohs.
508       $a Cinematographer, Charles Lang ; editor, Arthur P. Schmidt ; music, Frederick Hollander ; costume designer, Edith Head.
520       $a The daughter of the chauffeur for an immensely wealthy family returns from Paris and dazzles the family's two sons.
586  8    $a Academy Awards, 1955, Oscar - Best Costume Design, Black-and-White (Edith Head)
586  8    $a Golden Globe, 1955, Best Screenplay (Ernest Lehman, Samuel A. Taylor, Billy Wilder)
586  8    $a NBR Award, 1954, Best Supporting Actor (John Williams)
650   0   $a Man-woman relationships $v Drama.
700  1    $a Wilder, Billy, $d 1906-
700  1    $a Taylor, Samuel Albert, $d 1912-
700  1    $a Lehman, Ernest, $d 1915-
700  1    $a Bogart, Humphrey, $d 1899-1957.
700  1    $a Hepburn, Audrey, $d 1929-
700  1    $a Holden, William, $d 1918-
700  1    $a Hampden, Walter, $d 1879-1955.
700  1    $a Williams, John, $d 1903-
700  1    $a Hyer, Martha.
700  1    $a Vohs, Joan.
700  1    $a Lang, Charles B.
700  1    $a Schmidt, Arthur.
700  1    $a Hollaender, Friedrich.
700  1    $a Head, Edith.
700  1    $a Taylor, Samuel Albert, $d 1912- $t Sabrina fair.
710  2    $a Paramount Pictures Corporation.
852       $a MER $b kmain
998       $a kmain $b 11-12-03 $c m $d g $e n $f eng $g cau $h 0 $i 1 $j 02-06-04 $k 01-29-04
994       $a X0 $b MERUC
945       $g 1 $i 31114636105952 $l kmain $o - $p $0.00 $q - $r - $s - $t 4 $u 0 $v 0 $w 0 $x 0 $y .i10000288 $z 01-29-04

Record 3
