LDR  02180ngm  2200481Ia 4500
001  UCMb10000173
003  OCoLC
005  20031112091118.0
007  vf cbahos
008  030128p19961995cau127            vleng d
020       $a 0792140893
028  42   $a 33043 $b Paramount
040       $a NJT $c NJT
049       $a MAIN
090       $a PN1997 $b .S23 1996
130  0    $a Sabrina (Motion picture : 1995)
245  10   $a Sabrina $h [videorecording] / $c Paramount Pictures Corporation ; director, Sidney Pollack ; produced and directed by Scott Rudin and Sydney Pollack ; screenplay by Barbara Benedek and David Rayfiel.
260       $a Hollywood, Calif. : $b Paramount, $c c1996.
300       $a 1 videocassette (127 min.) : $b sd., col. ; $c 1/2 in.
538       $a VHS hi-fi, stereo., Dolby processed.
546       $a Closed-captioned.
511  1    $a Harrison Ford, Julia Ormond, Greg Kinnear.
508       $a Music by John Williams; original songs by John Williams and Alan & Marilyn Bergman; edited by Frederic Steinkamp; director of photography, Giuseppe Rotunno.
500       $a UCM:  2 INPUT 852 FIELDS, 1ST HAS SUBFLD b, 2ND DOES NOT; USE 1ST 852 FLD ONLY, OUTPUT MER IN SUBFLD a, LOC CODE IN SUBFLD b (04/05).
500       $a OUTPUT 901 WITH MER IN SUBFLD a, CREATE LOCAL NUM FROM 001 BY DROPPING INITIAL "UCMb' AND OUTPUT REMAINDER IN SUBFLD b.
500       $a DROP INPUT 9XX FIELDS FROM OUTPUT.
521       $a Rated PG.
520       $a Comedy in which the daughter of the chauffeur for an immensely wealthy family returns from Paris and dazzles the family's two sons.
650   0   $a Feature films.
650   0   $a Video recordings for the hearing impaired.
700  1    $a Ford, Harrison, $d 1942- $4 act
700  1    $a Ormond, Julia. $4 act
700  1    $a Kinnear, Greg, $d 1963- $4 act
700  1    $a Pollack, Sydney, $d 1934- $4 drt
700  1    $a Rudin, Scott, $d 1958-
700  1    $a Benedek, Barbara.
700  1    $a Rayfiel, David.
710  2    $a Paramount Pictures.
852       $a MER $b kmain
852       $a MER $j CALL NUM
998       $a kmain $b 11-12-03 $c m $d g $e n $f eng $g cau $h 0 $i 1 $j 03-03-04 $k 01-29-04
994       $a X0 $b MERUC
945       $g 1 $i 31114636105964 $l kmain $o - $p $0.00 $q - $r - $s - $t 4 $u 0 $v 0 $w 0 $x 0 $y .i1000029x $z 01-29-04

Record 4
