LDR  02068cgm  2200469Ia 4500
001  UCMb10000197
003  OCoLC
005  20031112091118.0
007  vf cbaho-
008  931209s1993    cau105            vleng d
020       $a 0800126122 : $c $92.95
024  10   $a 043396524132
028  42   $a 52413 $b Columbia TriStar Home Video
040       $a MRQ $c MRQ $d CNB $d JPL $d LML $d JED
049       $a MAIN
090       $a PN1997 $b .S54 1993
130  0    $a Sleepless in Seattle (Motion picture)
245  10   $a Sleepless in Seattle $h [videorecording] / $c Tri-Star Pictures ; a Gary Foster production ; directed by Nora Ephron ; produced by Gary Foster ; screenplay by Nora Ephron, David S. Ward, Jeff Arch.
260       $a [Burbank, Calif. : $b Columbia TriStar Home Video], $c 1993.
300       $a 1 videocassette (105 min.) : $b sd., col. ; $c 1/2 in.
500       $a UCM: NO INPUT 852 - REJECT (04/05).
546       $a Closed-captioned.
511  1    $a Tom Hanks, Meg Ryan, Ross Malinger, Rosie O'Donnell, Bill Pullman, Rob Reiner.
508       $a Executive producers, Lynda Obst, Patrick Crowley ; story by Jeff Arch ; camera, Sven Nykvist ; editor, Ribert Reitano ; music, Marc Shaiman.
521  8    $a MPAA: Rated PG.
520       $a After hearing a man confess his love for his dearly departed wife on a call-in radio show, a woman falls deeply, inexplicably in love with him.  Deciding he is her destiny, she treks across country on a wildly romantic impulse to meet him.
650   0   $a Comedy films.
650   0   $a Feature films.
650   0   $a Video recordings for the hearing impaired.
700  1    $a Ephron, Nora.
700  1    $a Hanks, Tom.
700  1    $a Ryan, Meg.
700  1    $a Malinger, Ross.
700  1    $a O'Donnell, Rosie.
700  1    $a Pullman, Bill.
700  1    $a Reiner, Rob.
700  1    $a Shaiman, Marc.
710  2    $a Tri-Star Pictures.
710  2    $a Columbia TriStar Home Video (Firm)
998       $a kmain $b 11-12-03 $c m $d g $e n $f eng $g cau $h 0 $i 1 $j 02-06-04 $k 01-29-04
994       $a X0 $b MERUC
945       $g 1 $i 31114636105996 $l kmain $o - $p $0.00 $q - $r - $s - $t 4 $u 0 $v 0 $w 0 $x 0 $y .i10000318 $z 01-29-04

Record 6
