LDR  01244dXX  22002774a 4500
001  UCMb10000215
003  DLC
005  20030722142804.0
008  020716s2003    ilua     b    001 0 eng  
010       $a 2002011038
020       $a 0252028090 (Cloth : alk. paper)
040       $a DLC $c DLC $d DLC
042       $a pcc
043       $a n-us---
082  00   $a 380.1/0973 $2 21
100  1    $a Dawson, Michael, $d 1965-
260       $a Urbana : $b University of Illinois Press, $c c2003.
300       $a x, 203 p. : $b ill. ; $c 24 cm.
440   4   $a The history of communication
500       $a UCM: DELETE REC HAS INVALID TYPE AND BIBLVL, NO 245, UNKNOWN LOC CODE - OUTPUT DELETE WITH NO 998 ERROR FIELDS (04/05).
505  0    $a Thinking the unthinkable -- The marketing race -- The targeting race -- The motivation research race -- The product management race -- The sales communications race -- Macromarketing and public subsidy -- The globalization of marketing -- The consumer trap.
650   0   $a Marketing $z United States.
650   0   $a Marketing $z United States $x Costs.
852       $a MER $b XXXX $h HF5415.1 $i .D33 2003
998       $a kmain $b 07-22-03 $c m $d a $e n $f eng $g ilu $h 4 $i 1 $j 02-06-04 $k 01-29-04
945       $g 1 $i 30001000920464 $l kmain $o - $p $0.00 $q - $r - $s - $t 0 $u 1 $v 0 $w 1 $x 0 $y .i10000343 $z 01-29-04

Record 8
