LDR  01456nXX  2200349 a 4500
001  UCMb10000227
003  DLC
005  20030701115258.0
008  021112s2003    nyua     b    001 0beng  
010       $a 2002192739
020       $a 0060084766
040       $a DLC $c DLC $d NhCcYBP
043       $a n-us-dc $a n-us---
082  00   $a 323/.092 $a B $2 21
100  1    $a Hansen, Drew W.
250       $a 1st ed.
260       $a New York : $b Ecco, $c c2003.
300       $a 293 p. : $b ill. ; $c 22 cm.
500       $a UCM: REC HAS INVALID TYPE AND BIBLVL, NO 245, UNKNOWN LOC CODE - OUTPUT WITH 4 998 ERROR FIELDS (04/05).
504       $a Includes bibliographical references (p. [231]-277) and index.
600  10   $a King, Martin Luther, $c Jr., $d 1929-1968.
600  10   $a King, Martin Luther, $c Jr., $d 1929-1968 $x Oratory.
650   0   $a March on Washington for Jobs and Freedom, Washington, D.C., 1963
650   0   $a Speeches, addresses, etc., American $x Washington (D.C.)
650   0   $a African Americans $v Biography.
650   0   $a African American civil rights workers $v Biography.
650   0   $a Baptists $z United States $x Clergy $v Biography.
650   0   $a African Americans $x Civil rights $x History $y 20th century.
650   0   $a Civil rights movements $z United States $x History $y 20th century.
852       $a MER $b XXXX $h E185.97.K5 $i H273 2003
998       $a kmain $b 07-01-03 $c m $d a $e n $f eng $g nyu $h 4 $i 1 $j 02-06-04 $k 01-29-04
945       $g 1 $i 30001000920431 $l kmain $o - $p $0.00 $q - $r - $s - $t 0 $u 0 $v 0 $w 0 $x 0 $y .i10000355 $z 01-29-04

Record 9
