LDR  01407pam  22003614a 4500
001  UCMb10000288
003  DLC
005  20030506132924.0
008  020821s2003    enka     b    001 0 eng  
010       $a 2002031778
020       $a 0415308275 (alk. paper)
040       $a DLC $c DLC $d NhCcYBP
042       $a pcc
043       $a a-ir---
082  00   $a 955.05/43 $2 21
245  00   $a Iran encountering globalization : $b problems and prospects / $c edited by Ali Mohammadi ; foreword by Fred Halliday.
260       $a London ; $a New York : $b RoutledgeCurzon, $c 2003.
300       $a xv, 264 p. : $b ill. ; $c 24 cm.
500       $a UCM: 1ST 852 HAS CALL NUM IN SUBFLDS h i; 2ND 852 HAS CALL NUM IN SUBFLD j - OUTPUT EACH AS IS (04/05).
650   0   $a Islam and politics $z Iran.
650   0   $a Globalization.
650   0   $a Democratization $z Iran.
651   0   $a Iran $x Politics and government $y 1979-1997.
651   0   $a Iran $x Politics and government $y 1997-
651   0   $a Iran $x Economic conditions $y 1979-1997.
651   0   $a Iran $x Economic conditions $y 1997-
651   0   $a Iran $x Social conditions $y 1979-1997.
651   0   $a Iran $x Social conditions $y 1997-
700  1    $a Mohammadi, Ali.
852       $a MER $b kmain $h DS318.825 $i .I64 2003
852       $a MER $b kspc $j DS318.825.I64 2004
998       $a kmain $b 05-06-03 $c m $d a $e n $f eng $g enk $h 0 $i 1 $j 02-06-04 $k 01-29-04
945       $g 1 $i 30001000920399 $l kmain $o - $p $0.00 $q - $r - $s - $t 0 $u 1 $v 0 $w 1 $x 0 $y .i10000410 $z 01-29-04

Record 12
