LDR  01493cas  2200397 a 4500
001  UCMb10025546
003  DLC
005  20030310160411.0
008  990311c19999999nyu x         0    0eng d
010       $a 99103473
022       $z 0271-616X
035       $a (OCoLC)40944456
040       $a CLSU-M $c CLSU-M $d DLC $d MH $d InU $d DNLM $d InU
042       $a lc
070  0    $a QD262.F5
072   0   $a X500
082  00   $a 547.2 $2 20
245  00   $a Fiesers' reagents for organic synthesis.
246  30   $a Reagents for organic synthesis
260       $a New York : $b Wiley, $c c1999-
300       $a v. : $b ill. ; $c 24 cm.
310       $a Irregular
362  0    $a Vol. 18-
500       $a UCM: SERIAL HAS 2 852 FLDS, EACH FOLLOWED BY 866'S; 1ST 852 FOLLOWED BY 1 866 - OUTPUT AS SUBFLD 3 IN 1ST 852; 2ND 852 FOLLOWED BY 3 866'S - CONCATENATE 866'S, SEPARATED BY ";  " (2 SPACES), OUTPUT AS SINGLE SUBFLD 3 IN 2ND 852 (04/05).
650   0   $a Organic compounds $x Synthesis.
650   0   $a Chemical tests and reagents.
700  1    $a Fieser, Mary, $d 1909-
780  00   $t Fieser and Fieser's reagents for organic synthesis $x 0271-616X $w (DLC)   88659800 $w (OCoLC)6674031
852       $a MER $b kmain $h QD262 $i .R33
866  30   $a v.22 (2004)  
852       $a MER $b kspc $h QD262 $i .R33
866  30   $a v.19 (2001) (1ST)
866  30   $a v.21 (2003) (2ND)
866  30   $a Missing v.20 (2002) (3RD)
998       $a kmain $b 03-10-03 $c s $d a $e - $f eng $g nyu $h 0 $i 1 $j 12-03-04 $k 04-13-04
945       $c vol. 21 $g 1 $l kmain $o - $p $0.00 $q - $r - $s - $t 0 $u 0 $v 0 $w 0 $x 0 $y .i10025522 $z 04-13-04

Record 14
