LDR  01065pam  2200277 a 4500
001  UCMb10000306
003  DLC
005  20030603120007.0
008  021230s2003    nyua     b    001 0 eng  
010       $a 2002156439
020       $a 0393020290
040       $a DLC $c DLC $d NhCcYBP
082  00   $a 027/.009 $2 21
100  1    $a Battles, Matthew.
245  10   $a Library : $b an unquiet history / $c Matthew Battles.
250       $a 1st ed.
260       $a New York. : $b W.W. Norton, $c c2003.
300       $a x, 245 p. : $b ill. ; $c 22 cm.
500       $a UCM: ONLY 852 DOES NOT HAVE SUBFLD b WITH LOC CODE - REJECT (04/05).
505  0    $a Reading the library -- Burning Alexandria -- The house of wisdom -- The battle of the books -- Books for all -- Knowledge on fire -- Lost in the stacks.
650   0   $a Libraries $x History.
650   0   $a Libraries and society $x History.
650   0   $a Books $x History.
852       $a MER $h Z721 $i .B28 2003
998       $a kmain $b 06-03-03 $c m $d a $e n $f eng $g nyu $h 0 $i 1 $j 02-06-04 $k 01-29-04
945       $g 1 $i 30001000920357 $l kmain $o - $p $0.00 $q - $r - $s - $t 0 $u 0 $v 0 $w 0 $x 0 $y .i10000434 $z 01-29-04

Record 15
