LDR  01550nas^ 2200397^^ 4500
001  UCMb10001062
005  20021123233735.0
007  heramb---bacu
008  881006c18679999miumr p       0uuua0eng  
010       $a 08037002//r44
022  0    $a 0017-7873
035       $a RLINCUBG83-S1824 19880930 TAPE RLIN1022: 0027
040       $a DLC $c MUL $d FUL $d COO $d NSD $d DLC $d NSD $d NST $d AIP $d NSD $d OCL $d NSD $d DLC $d NSD $d NST $d CUY
042       $a nsdp $a lc
210  0    $a Harper's bazaar
222   0   $a Harper's bazaar
245  00   $a Harper's bazaar.
260       $a [New York, $b Hearst Corp., etc.]
300       $a v. $b ill. $c 25-41 cm.
310       $a Monthly, $b May 1901-
321       $a Weekly, $b 1867-Apr. 1901
362  0    $a v. 1- Nov. 2, 1867-
500       $a UCM: 2 852 FLDS, EACH FOLLOWED BY AN 856 - OUTPUT ALL 856'S AFTER THE OUTPUT 852'S (04/05).
515       $a Nov. 1919 not published.
515       $a Nov. 1926- called also no. 2569-
533       $a Microfiche. $b Ann Arbor, Mich. : $c University Microfilms International. $e microfiches ; 11 x 15 cm.
650   0   $a Dressmaking $x Periodicals.
650   0   $a Fashion $x Periodicals.
650   0   $a Needlework $x Periodicals.
710  2    $a ProQuest Direct.
852       $a MER $b kmain $h TT500 $i .H3
856  41   $3 Selected article text for 1984-1993. $z Expanded Academic ASAP. Restricted to UC campuses $x SCP
852       $a MER $b kspc $h TT500 $i .H3
856  41   $3 Some issues available online through ProQuest Direct at: $u http://www.umi.com/pqdauto
998       $a kmain $b 02-06-04 $c s $d a $e n $f eng $g miu $h 0 $i 1 $j 08-21-04 $k 02-06-04
901       $a GLAD $b 33647992

Record 16
