LDR  01875cas^ 2200469^^ 4500
001  UCMb10001037
005  20031109230804.0
007  cr mn|||||||||
008  900808c19629999nyusr1p       0uu a0eng d
010       $a 64002221//r86
022  0    $a 0003-6935
030       $a APOPAI
035       $a (CStRLIN)CASX90-S824
035  9    $a (SBN)AAA2277
040       $a MnMULS $c MnMULS $d FGULS $d OCoLC $d NSD $d NIC $d DLC $d CU-SB $d CU-SB
090       $a QC1 $b .A64 $i 08/09/90 CT
210  0    $a Appl. opt.
222  00   $a Applied optics
245  00   $a Applied optics.
260       $a [New York, etc., $b Optical Society of America]
300       $a v. $b ill., ports., diagrs., tables. $c 29 cm.
310       $a Semimonthly, $b 1978-
321       $a Bimonthly, $b 1962
321       $a Monthly, $b 1963-1977
362  0    $a v. 1- Jan. 1962-
500       $a UCM: TWO INPUT 852 FIELDS FOLLOW 3 856 FLDS - OUTPUT 856 FIELDS AFTER BOTH 852 FIELDS (04/05).
510  2    $a Life sciences collection
530       $a Also available in an online electronic version.
555       $a Cumulative index for all OSA journals issued separately with title: Optics index.
650   0   $a Optics $x Periodicals.
710  2    $a Optical Society of America.
710  2    $a American Institute of Physics.
770  0    $t Applied optics. Supplement $x 0066-5495
776  1    $t Applied optics (Online) $w (DLC) 00238064 $w (OCoLC)41918587
787  1    $t Optics index
856  41   $3 v.34(1995)- $z Applied Optics-OT. Access restricted to UCSB IP addresses. $u http://uclibs.org/PID/4190
856  41   $3 v.34(1995)- $z Applied Optics-IP. Access restricted to UCSB IP addresses. $u http://uclibs.org/PID/8234
856  41   $3 v.34(1995)- $z Applied Optics-LP. Access restricted to UCSB IP addresses. $u http://uclibs.org/PID/8233
852       $a MER $b kmain
852       $a MER $b kspc
998       $a zzzzz $b 02-06-04 $c s $d a $e n $f eng $g nyu $h 0 $i 1 $j 02-06-04 $k 02-06-04
901       $a SBXL $b 000002044

Record 17
