LDR  01079cam  22003014a 4500
001  UCM1000015x
003  OCoLC
005  20031112091118.0
008  010322s2001    inua     b    001 0 eng  
010       $a 2001089107
019       $a 47028181
020       $a 0764547712 (pbk.)
040       $a DLC $c DLC
042       $a pcc
049       $a MAIN
082  00   $a 005.4/32 $2 21
100  1    $a Barkakati, Nabajyoti, $d 1956-
245  10   $a Red Hat Linux 7.1 secrets / $c Naba Barkakati.
260       $a Indianapolis, IN : $b Hungry Minds, $c 2001.
300       $a xxxiv, 1135 p. : $b ill. ; $c 24 cm. + $e 3 computer optical discs (4 3/4 in.)
500       $a UCM: 001 FLD DOES NOT HAVE "b" FOLLOWING THE UCM - REJECT (04/05).
630  00   $a Linux.
650   0   $a Operating systems (Computers)
852       $a MER $b kmain $h QA76.76.O63 $i B366166 2001
856  41   $3 Table of contents $u http://www.loc.gov/catdir/toc/wiley021/2001089107.html
998       $a kmain $b 11-12-03 $c m $d a $e n $f eng $g inu $h 0 $i 1 $j 02-06-04 $k 01-29-04
994       $a X0 $b MERUC
945       $g 1 $i 31114636105940 $l kmain $o - $p $0.00 $q - $r - $s - $t 1 $u 0 $v 0 $w 0 $x 0 $y .i10000276 $z 01-29-04

Record 18
