LDR  01266cam  22003254a 4500
001  UCMb10000367
003  DLC
005  20030818075144.0
008  020911s2003    nyu      b    001 0 eng  
010       $a 2002030920
020       $a 0805072993
040       $a DLC $c DLC $d DLC $d NhCcYBP
042       $a pcc
043       $a a-ir---
082  00   $a 320.955/09/0511 $2 21
100  1    $a Abdo, Geneive, $d 1960-
245  10   $a Answering only to God : $b faith and freedom in twenty-first-century Iran / $c Geneive Abdo and Jonathan Lyons.
250       $a 1st ed.
260       $a New York : $b Henry Holt and Co., $c 2003.
300       $a 306 p. ; $c 25 cm.
500       $a UCM: INCOMING 852 HAS 2 SUBFLD "b": OUTPUT THE 1ST (kmain), DROP THE 2ND (04/05).
504       $a Includes bibliographical references (p. [289]-293) and index.
650   0   $a Islam and politics $z Iran.
650   0   $a Democratization $z Iran.
651   0   $a Iran $x Politics and government $y 1997-
700  1    $a Lyons, Jonathan.
852       $a MER $b kmain $b kspc $h DS318.9 $i .A23 2003
856  42   $3 Publisher description $u http://www.loc.gov/catdir/description/hol031/2002030920.html
998       $a kmain $b 08-18-03 $c m $d a $e n $f eng $g nyu $h 0 $i 1 $j 02-06-04 $k 01-29-04
945       $g 1 $i 30001000920563 $l kmain $o - $p $0.00 $q - $r - $s - $t 0 $u 0 $v 0 $w 0 $x 0 $y .i10000495 $z 01-29-04

